% the terms like handout and texTemp are the unique identifiers you use to cite the item in your paper


@article{SixthJournalistKilled,
 title   = {Sixth citizen journalist killed by Syrian government this year},
 year    = {2012},
 month   = {May},
 url     = {http://en.rsf.org/syria-sixth-citizen-journalist-killed-by-07-05-2012,42577.html},
 annote  = {Discussing the recent murder of Abdul Ghani Kaakeh and the previous 5 murders of other journalists.},
}

@article{WhatIsGoingOn,
 title   = {What's Going On In Syria?},
 year    = {2012},
 month   = {June},
 url     = {http://www.huffingtonpost.com/2012/06/02/whats-going-on-in-syria_n_1564906.html},
 annote  = {It touches on the attrosities that has continued to happen and discusses possible outcomes to the current status.},
}

@unpublished{MidNyte,
 author  = {MidNyte},
 title   = {Argument for a 'good' virus},
 year    = {1999},
}

@article{GoodWormsHumanRights,
 author  = {Aycock, John and Maurushat, Alana},
 title   = {"Good" worms and human rights},
 journal = {SIGCAS Comput. Soc.},
 issue_date = {March 2008},
 volume  = {38},
 number  = {1},
 month   = mar,
 year    = {2008},
 issn    = {0095-2737},
 pages   = {28--39},
 numpages = {12},
 url     = {http://doi.acm.org/10.1145/1361255.1361256},
 doi     = {10.1145/1361255.1361256},
 acmid   = {1361256},
 publisher = {ACM},
 address = {New York, NY, USA},
 keywords = {China, benevolent worms, censorship, filtering, firewall, human rights},
 annote  = {Covers the possible use of a good worm to break Chinese firewalls for human rights},
} 

@inproceedings{EthicalHackingRedux,
  author = {Smith, B. and Yurcik, W. and Doss, D.},
  booktitle = {Technology and Society, 2002. (ISTAS'02). 2002 International Symposium on}, 
  title  = {Ethical hacking: the security justification redux},
  year   = {2002},
  pages  = {374 - 379},
  keywords= { Internet security; beta testing; computer network scanning; ethical hacking; security justification; security protection; security vulnerability identification; security vulnerability patching; software stress testing; Internet; computer crime;},
  doi    = {10.1109/ISTAS.2002.1013840},
  ISSN   = {},
  annote = {How ethical hackers can benefit organizations and indivuals and shouldn't be }
}

@article{SyrianFiles,
  author = {Ellyne Phneah},
  title  = {Anonymous, hacktivists helped WikiLeaks with 'Syrian Files'},
  year   = {2012},
  month  = {July},
  url    = {http://www.zdnet.com/anonymous-hacktivists-helped-wikileaks-with-syrian-files-7000000453/}
}


@article{ComputerBreakinsEthical,
 author =  {Eugene H. Spafford},
 title   = {Are computer hacker break-ins ethical?},
 journal = {Journal of Systems and Software},
 volume  = {17},
 number  = {1},
 pages   = {41 - 47},
 year    = {1992},
 issn    = {0164-1212},
 doi     = {10.1016/0164-1212(92)90079-Y},
 url     = {http://www.sciencedirect.com/science/article/pii/016412129290079Y},
 annote =  {The article lists common arguments for breaking into computers and refutes them. In short the author believes break-ins are unethical.}

}


